  @Manual{Metrics,
    title = {Metrics: Evaluation Metrics for Machine Learning},
    author = {Ben Hamner and Michael Frasco},
    year = {2018},
    note = {R package version 0.1.4},
    url = {https://CRAN.R-project.org/package=Metrics},
  }

  @Manual{MLmetrics,
    title = {MLmetrics: Machine Learning Evaluation Metrics},
    author = {Yachen Yan},
    year = {2016},
    note = {R package version 1.1.1},
    url = {https://CRAN.R-project.org/package=MLmetrics},
  }

  @Manual{R,
    title = {R: A Language and Environment for Statistical Computing},
    author = {{R Core Team}},
    organization = {R Foundation for Statistical Computing},
    address = {Vienna, Austria},
    year = {2021},
    url = {https://www.R-project.org/},
  }

    @Manual{topmodels,
    title = {topmodels: Infrastructure for Inference and Forecasting in Probabilistic
Models},
    author = {Achim Zeileis and Moritz N. Lang},
    year = {2022},
    note = {R package version 0.1-0/r1498},
    url = {https://R-Forge.R-project.org/projects/topmodels/},
  }

  @Article{tscount,
    title = {{tscount}: An {R} Package for Analysis of Count Time Series Following Generalized Linear Models},
    author = {Tobias Liboschik and Konstantinos Fokianos and Roland Fried},
    journal = {Journal of Statistical Software},
    year = {2017},
    volume = {82},
    number = {5},
    pages = {1--51},
    doi = {10.18637/jss.v082.i05},
  }

  @Book{ggplot2,
    author = {Hadley Wickham},
    title = {ggplot2: Elegant Graphics for Data Analysis},
    publisher = {Springer-Verlag New York},
    year = {2016},
    isbn = {978-3-319-24277-4},
    url = {https://ggplot2.tidyverse.org},
  }

  @Manual{tibble,
    title = {tibble: Simple Data Frames},
    author = {Kirill Müller and Hadley Wickham},
    year = {2022},
    note = {R package version 3.1.7},
    url = {https://CRAN.R-project.org/package=tibble},
  }

  @Manual{kableExtra,
    title = {kableExtra: Construct Complex Table with 'kable' and Pipe Syntax},
    author = {Hao Zhu},
    year = {2021},
    note = {R package version 1.3.4},
    url = {https://CRAN.R-project.org/package=kableExtra},
  }

  @Article{scoringRules,
    title = {Evaluating Probabilistic Forecasts with {scoringRules}},
    author = {Alexander Jordan and Fabian Kr\"uger and Sebastian Lerch},
    journal = {Journal of Statistical Software},
    year = {2019},
    volume = {90},
    number = {12},
    pages = {1--37},
    doi = {10.18637/jss.v090.i12},
  }

  @Manual{predtools,
    title = {predtools: Prediction Model Tools},
    author = {Mohsen Sadatsafavi and Abdollah Safari and Tae Yoon Lee},
    year = {2023},
    note = {R package version 0.0.3},
    url = {https://CRAN.R-project.org/package=predtools},
  }

  @Manual{probably,
    title = {probably: Tools for Post-Processing Class Probability Estimates},
    author = {Max Kuhn and Davis Vaughan and Edgar Ruiz},
    year = {2023},
    note = {R package version 1.0.2},
    url = {https://CRAN.R-project.org/package=probably},
  }

  @Manual{yardstick,
    title = {yardstick: Tidy Characterizations of Model Performance},
    author = {Max Kuhn and Davis Vaughan and Emil Hvitfeldt},
    year = {2023},
    note = {R package version 1.2.0},
    url = {https://CRAN.R-project.org/package=yardstick},
  }

  @Manual{GLMMadaptive,
    title = {GLMMadaptive: Generalized Linear Mixed Models using Adaptive Gaussian
Quadrature},
    author = {Dimitris Rizopoulos},
    year = {2023},
    note = {R package version 0.9-0},
    url = {https://CRAN.R-project.org/package=GLMMadaptive},
  }

  @Article{surveillance,
    author = {Sebastian Meyer and Leonhard Held and Michael Höhle},
    title = {Spatio-Temporal Analysis of Epidemic Phenomena Using the {R} Package {surveillance}},
    journal = {Journal of Statistical Software},
    year = {2017},
    volume = {77},
    number = {11},
    pages = {1--55},
    doi = {10.18637/jss.v077.i11},
  }

  @Article{surveillance2,
    author = {Maëlle Salmon and Dirk Schumacher and Michael Höhle},
    title = {Monitoring Count Time Series in {R}: Aberration Detection in Public Health Surveillance},
    journal = {Journal of Statistical Software},
    year = {2016},
    volume = {70},
    number = {10},
    pages = {1--35},
    doi = {10.18637/jss.v070.i10},
  }

  @Manual{cvGEE,
    title = {cvGEE: Cross-Validated Predictions from GEE},
    author = {Dimitris Rizopoulos},
    year = {2019},
    note = {R package version 0.3-0},
    url = {https://CRAN.R-project.org/package=cvGEE},
  }

  @Article{scoring,
    title = {Choosing a Strictly Proper Scoring Rule},
    author = {Edgar C. Merkle and Mark Steyvers},
    journal = {Decision Analysis},
    year = {2013},
    volume = {10},
    pages = {292--304},
  }

  @Manual{verification,
    title = {verification: Weather Forecast Verification Utilities},
    author = {NCAR - Research Applications Laboratory},
    year = {2015},
    note = {R package version 1.42},
    url = {https://CRAN.R-project.org/package=verification},
  }

  @Manual{SpecsVerification,
    title = {SpecsVerification: Forecast Verification Routines for Ensemble Forecasts of Weather
and Climate},
    author = {Stefan Siegert},
    year = {2020},
    note = {R package version 0.5-3},
    url = {https://CRAN.R-project.org/package=SpecsVerification},
  }

  @Article{tidyverse,
    title = {Welcome to the {tidyverse}},
    author = {Hadley Wickham and Mara Averick and Jennifer Bryan and Winston Chang and Lucy D'Agostino McGowan and Romain François and Garrett Grolemund and Alex Hayes and Lionel Henry and Jim Hester and Max Kuhn and Thomas Lin Pedersen and Evan Miller and Stephan Milton Bache and Kirill Müller and Jeroen Ooms and David Robinson and Dana Paige Seidel and Vitalie Spinu and Kohske Takahashi and Davis Vaughan and Claus Wilke and Kara Woo and Hiroaki Yutani},
    year = {2019},
    journal = {Journal of Open Source Software},
    volume = {4},
    number = {43},
    pages = {1686},
    doi = {10.21105/joss.01686},
  }

    @Manual{tidymodels,
    title = {Tidymodels: a collection of packages for modeling and machine learning using tidyverse principles.},
    author = {Max Kuhn and Hadley Wickham},
    url = {https://www.tidymodels.org},
    year = {2020},
  }

  @Article{checkmate,
    title = {{checkmate}: Fast Argument Checks for Defensive {R} Programming},
    author = {Michel Lang},
    journal = {The R Journal},
    year = {2017},
    doi = {10.32614/RJ-2017-028},
    pages = {437--445},
    volume = {9},
    number = {1},
  }

  @Manual{data.table,
    title = {data.table: Extension of `data.frame`},
    author = {Matt Dowle and Arun Srinivasan},
    year = {2023},
    note = {R package version 1.14.8},
    url = {https://CRAN.R-project.org/package=data.table},
  }

  @Manual{fabletools,
    title = {fabletools: Core Tools for Packages in the 'fable' Framework},
    author = {Mitchell O'Hara-Wild and Rob Hyndman and Earo Wang},
    year = {2023},
    note = {R package version 0.3.4},
    url = {https://CRAN.R-project.org/package=fabletools},
  }
